@article{demo:1,
  title={Demo citation},
  author={Jean Luc Picard},
  journal={Starships Weekly},
  volume={17},
  number={1},
  pages={8-472},
  year={2367},
  publisher={Starfleet News Service}
}