@article{Vardimon2011AssessmentIsrael,
    title = {{Assessment of the potential for distributed photovoltaic electricity production in Israel}},
    year = {2011},
    journal = {Renewable Energy},
    author = {Vardimon, Ran},
    number = {2},
    pages = {591--594},
    volume = {36},
    publisher = {Elsevier Ltd},
    url = {http://dx.doi.org/10.1016/j.renene.2010.07.030},
    isbn = {0960-1481},
    doi = {10.1016/j.renene.2010.07.030},
    issn = {09601481},
    keywords = {GIS, Geographic Information system, Photovoltaics, Potential, Rooftop Area, Solar radiation}
}

@misc{Cheslow2011BetterCountry,
    title = {{Better place: turning Israel into electric car country}},
    year = {2011},
    booktitle = {The Christian Science Monitor},
    author = {Cheslow, Daniella},
    url = {https://www.csmonitor.com/Technology/Tech/2011/0419/Better-Place-Turning-Israel-into-electric-car-country}
}

@incollection{Zhu2015DistributedGrid,
    title = {{Distributed energy resource with PEV battery energy storage in the smart grid}},
    year = {2015},
    booktitle = {Vehicle-to-Grid: Linking Electric Vehicles to the Smart Grid},
    author = {Zhu, J. and Islam, M.R. and Hu, J. and Prasetya, S. and Zhan, Y. and Jafari, M. and Pham, H.D. and Guo, Y.},
    editor = {Lu, Junwei and Hossian, Jahangir},
    chapter = {3},
    publisher = {The Institution of Engineering and Technology},
    isbn = {9781849198561},
    doi = {10.1049/PBPO079E{\_}ch3},
    keywords = {Control techniques, Converter topologies, Distributed energy resource, Distributed power generation, Electric vehicles, Fuel cells, Grid integration technologies, Grid-connected distributed generation systems, Pev, Plug-in electric vehicle, Power generation control, Power generation planning, Power quality, Power supply quality, Power system reliability, Renewable energy sources, Smart grid, Smart power grids, Solar energy, Solar power stations, Wind energy, Wind power plants battery energy storage}
}

@incollection{Bennett2015EconomicGrid,
    title = {{Economic, social and environmental dimensions of PHEV in the smart grid}},
    year = {2015},
    booktitle = {Vehicle-to-Grid: Linking Electric Vehicles to the Smart Grid},
    author = {Bennett, Christopher J and Katsanevakis, Markos and Stewart, Rodney A},
    editor = {Lu, Junwei and Hossian, Jahangir},
    chapter = {7},
    publisher = {The Institution of Engineering and Technology},
    isbn = {9781849198561},
    doi = {10.1049/PBPO079E{\_}ch7}
}

@techreport{Liebes2018ElectricInfrastructure,
    title = {{Electric vehicles charging infrastructure}},
    year = {2018},
    author = {Liebes, Idan and Ayalon, Ofira and Steinmetz, Roland and Van der Ploeg, Roos and Hogeveen, Peter},
    number = {May},
    institution = {Samuel Neaman Institute for National Policy Research}
}

@incollection{Ustun2015ImpactSystems,
    title = {{Impact of EV and V2G on the smart grid and renewable energy systems}},
    year = {2015},
    booktitle = {Vehicle-to-Grid: Linking Electric Vehicles to the Smart Grid},
    author = {Ustun, T.S.},
    editor = {Lu, Junwei and Hossian, Jahangir},
    chapter = {2},
    publisher = {The Institution of Engineering and Technology},
    isbn = {9781849198561},
    doi = {10.1049/PBPO079E{\_}ch2},
    keywords = {Distributed power generation, Distribution level, Electric vehicle, Electric vehicles, Generation level, Microgrid management, Plug-and-play requirements, Renewable energy sources, Renewable energy systems, Smart grid, Smart power grids electric system, Transmission level, V2g, Vehicle ownership, Vehicle-to-grid}
}

@incollection{Lu2015IntroductionPEVs,
    title = {{Introduction to the smart grid using PEVs}},
    year = {2015},
    booktitle = {Vehicle-to-Grid: Linking Electric Vehicles to the Smart Grid},
    author = {Lu, J. and Hossain, J.},
    editor = {Lu, Junwei and Hossian, Jahangir},
    chapter = {1},
    pages = {1--10},
    publisher = {The Institution of Engineering and Technology},
    isbn = {9781849198561},
    doi = {10.1049/PBPO079E{\_}ch1},
    keywords = {All-electric vehicle, Battery powered vehicles, Battery storage plants, Distributed generation, Distributed power generation v2g, Distributed storage, Pev, Plug-in electric vehicle, Plug-in hybrid electric vehicle, Smart power grid, Smart power grids, Storage sources, Vehicle-to-grid}
}

@misc{OraCorenIsraelLane,
    title = {{Israel finds itself in the slow lane}},
    booktitle = {Haaretz},
    author = {{Ora Coren}},
    url = {https://www.haaretz.com/israel-news/business/.premium-as-world-adopts-electric-vehicles-israel-is-stuck-in-slow-lane-1.5979356}
}

@misc{Coutinho2018IsraelIndustry,
    title = {{Israel is now becoming a big player in the global auto industry}},
    year = {2018},
    booktitle = {Times of Israel Blogs},
    author = {Coutinho, Frank},
    month = {7},
    url = {https://blogs.timesofisrael.com/israel-is-now-becoming-a-big-player-in-the-global-auto-industry/},
    address = {Jerusalem, Israel}
}

@misc{Yeshayahou2011IsraelCharging,
    title = {{Israel sets standard for electric car charging}},
    year = {2011},
    booktitle = {Globes},
    author = {Yeshayahou, Koby},
    url = {https://en.globes.co.il/en/article-1000618099}
}

@article{Larkin2008IsraelsDependence,
    title = {{Israel's electric car plan to reduce oil dependence}},
    year = {2008},
    journal = {Automotive Industries},
    author = {Larkin, John},
    number = {188},
    url = {http://www.ai-online.com/Adv/Previous/show_issue.php?id=2129&search=true}
}

@misc{IsraelsEconomy,
    title = {{Israelâ€™s Fuel Economy}},
    url = {http://archive.energy.gov.il/English/Subjects/Subject/Pages/GxmsMniIsraelsFuelEconomy.aspx}
}

@incollection{Leskarac2015PEVInterfaces,
    title = {{PEV charging technologies and V2G on distributed systems and utility interfaces}},
    year = {2015},
    booktitle = {Vehicle-to-Grid: Linking Electric Vehicles to the Smart Grid},
    author = {Leskarac, Domagoj and Panchal, Chirag and Stegen, Sascha and Lu, Junwei},
    editor = {Lu, Junwei and Hossian, Jahangir},
    chapter = {6},
    publisher = {The Institution of Engineering and Technology},
    isbn = {9781849198561},
    doi = {10.1049/PBPO079E{\_}ch6}
}

@techreport{Dipersio2018PhotovoltaicAcceptance,
    title = {{Photovoltaic technology in the southern Arava: an analysis of public acceptance}},
    year = {2018},
    author = {Dipersio, Thomas and Liedtke, Nicoli and Rosenthal, Aaron and Wallace, Alexandra},
    institution = {Worcester Polytechnic Institute},
    address = {Worcester, Massachussetts}
}

@incollection{Rahman2015PowerEVs,
    title = {{Power control and monitoring of the smart grid with EVs}},
    year = {2015},
    booktitle = {Vehicle-to-Grid: Linking Electric Vehicles to the Smart Grid},
    author = {Rahman, M.S. and Rafi, F.H.M. and Hossain, M.J. and Lu, J.},
    editor = {Lu, Junwei and Hossian, Jahangir},
    chapter = {5},
    publisher = {The Institution of Engineering and Technology},
    isbn = {9781849198561},
    doi = {10.1049/PBPO079E{\_}ch5},
    keywords = {Active power control, Charging-discharging mode, Distributed power generation smart monitoring syst, Dynamic performance, Dynamic stability, Fossil fuel price, G2v-v2g concepts, Grid-to-vehicle mode, Hybrid electric vehicles, Microgrid, Optimum control, Plug-in hybrid electric vehicles, Power control, Power monitoring, Power system dynamic stability, Power system measurement, Reactive power management, Reactive power profile, Smart grid, Smart power grids, Vehicle-to-grid mode}
}

@incollection{Mahmud2015PowerEV,
    title = {{Power conversion technology in the smart grid and EV}},
    year = {2015},
    booktitle = {Vehicle-to-Grid: Linking Electric Vehicles to the Smart Grid},
    author = {Mahmud, M.A.},
    editor = {Lu, Junwei and Hossian, Jahangir},
    chapter = {4},
    publisher = {The Institution of Engineering and Technology},
    isbn = {9781849198561},
    doi = {10.1049/PBPO079E{\_}ch4},
    keywords = {Dynamical model, Electric vehicles, Linearising distributed controller, Mathematical model, Nonlinear controller, Nonlinear partial feedback, Power conversion bi-directional converters, Power conversion technology, Power quality, Power supply quality, Power system stability, Smart grid environments, Smart power grids, System stability}
}

@techreport{THEISRAEL,
    title = {{THE AUTOMOTIVE INDUSTRY IN ISRAEL}},
    institution = {Ministry of Economy and Industry (State of Israel)}
}

@article{Mullan2012TheConcept,
    title = {{The technical, economic and commercial viability of the vehicle-to-grid concept}},
    year = {2012},
    journal = {Energy Policy},
    author = {Mullan, Jonathan and Harries, David and Br{\"{a}}unl, Thomas and Whitely, Stephen},
    pages = {394--406},
    volume = {48},
    isbn = {0301-4215},
    doi = {10.1016/j.enpol.2012.05.042},
    issn = {03014215},
    keywords = {Smart Grid, V2G, Vehicle-to-grid}
}